%% ----------------------------------------------------------------
%% ECS.bib
%% ---------------------------------------------------------------- 

@book{myerson2013game,
  title={Game theory: analysis of conflict},
  author={Myerson, Roger B},
  year={2013},
  publisher={Harvard university press}
}

@article{nash1951non,
  title={Non-cooperative games},
  author={Nash, John},
  journal={Annals of mathematics},
  pages={286--295},
  year={1951},
  publisher={JSTOR}
}

@article{cremer1988full,
  title={Full extraction of the surplus in Bayesian and dominant strategy auctions},
  author={Cremer, Jacques and McLean, Richard P},
  journal={Econometrica: Journal of the Econometric Society},
  pages={1247--1257},
  year={1988},
  publisher={JSTOR}
}

@article{helbing2009outbreak,
  title={The outbreak of cooperation among success-driven individuals under noisy conditions},
  author={Helbing, Dirk and Yu, Wenjian},
  journal={Proceedings of the National Academy of Sciences},
  volume={106},
  number={10},
  pages={3680--3685},
  year={2009},
  publisher={National Acad Sciences}
}

@book{axelrod2006evolution,
  title={The evolution of cooperation},
  author={Axelrod, Robert M},
  year={2006},
  publisher={Basic books}
}

@article{hauert2004spatial,
  title={Spatial structure often inhibits the evolution of cooperation in the snowdrift game},
  author={Hauert, Christoph and Doebeli, Michael},
  journal={Nature},
  volume={428},
  number={6983},
  pages={643--646},
  year={2004},
  publisher={Nature Publishing Group}
}

@article{axelrod1987evolution,
  title={The evolution of strategies in the iterated prisoner’s dilemma},
  author={Axelrod, Robert},
  journal={The dynamics of norms},
  pages={1--16},
  year={1987}
}

@article{perc2010coevolutionary,
  title={Coevolutionary games - a mini review},
  author={Perc, Matja{\v{z}} and Szolnoki, Attila},
  journal={BioSystems},
  volume={99},
  number={2},
  pages={109--125},
  year={2010},
  publisher={Elsevier}
}

@article{nowak1993strategy,
  title={A strategy of win-stay, lose-shift that outperforms tit-for-tat in the Prisoner's Dilemma game},
  author={Nowak, Martin and Sigmund, Karl and others},
  journal={Nature},
  volume={364},
  number={6432},
  pages={56--58},
  year={1993}
}

@article{nowak2006five,
  title={Five rules for the evolution of cooperation},
  author={Nowak, Martin A},
  journal={science},
  volume={314},
  number={5805},
  pages={1560--1563},
  year={2006},
  publisher={American Association for the Advancement of Science}
}

@article{szabo2007evolutionary,
  title={Evolutionary games on graphs},
  author={Szab{\'o}, Gy{\"o}rgy and Fath, Gabor},
  journal={Physics Reports},
  volume={446},
  number={4},
  pages={97--216},
  year={2007},
  publisher={Elsevier}
}

@book{smith1982evolution,
  title={Evolution and the Theory of Games},
  author={Smith, John Maynard},
  year={1982},
  publisher={Cambridge university press}
}

@article{smith1973lhe,
  title={The Logic of Animal Conflict},
  author={Smith, J Maynard and Price, GR},
  journal={Nature},
  volume={246},
  pages={15},
  year={1973}
}

@article{taylor1978evolutionary,
  title={Evolutionary stable strategies and game dynamics},
  author={Taylor, Peter D and Jonker, Leo B},
  journal={Mathematical biosciences},
  volume={40},
  number={1},
  pages={145--156},
  year={1978},
  publisher={Elsevier}
}

@article{nowak1992evolutionary,
  title={Evolutionary games and spatial chaos},
  author={Nowak, Martin A and May, Robert M},
  journal={Nature},
  volume={359},
  number={6398},
  pages={826--829},
  year={1992}
}

@book{dawkins2006selfish,
  title={The selfish gene},
  author={Dawkins, Richard},
  number={199},
  year={2006},
  publisher={Oxford university press}
}

@article{trivers1971evolution,
  title={The evolution of reciprocal altruism},
  author={Trivers, Robert L},
  journal={Quarterly review of biology},
  pages={35--57},
  year={1971},
  publisher={JSTOR}
}

@article{milinski2002reputation,
  title={Reputation helps solve the ‘tragedy of the commons’},
  author={Milinski, Manfred and Semmann, Dirk and Krambeck, Hans-J{\"u}rgen},
  journal={Nature},
  volume={415},
  number={6870},
  pages={424--426},
  year={2002},
  publisher={Nature Publishing Group}
}

@article{traulsen2006evolution,
  title={Evolution of cooperation by multilevel selection},
  author={Traulsen, Arne and Nowak, Martin A},
  journal={Proceedings of the National Academy of Sciences},
  volume={103},
  number={29},
  pages={10952--10955},
  year={2006},
  publisher={National Acad Sciences}
}

@article{szabo1998evolutionary,
  title={Evolutionary prisoner’s dilemma game on a square lattice},
  author={Szab{\'o}, Gy{\"o}rgy and T{\H{o}}ke, Csaba},
  journal={Physical Review E},
  volume={58},
  number={1},
  pages={69},
  year={1998},
  publisher={APS}
}

@article{nowak1993spatial,
  title={The spatial dilemmas of evolution},
  author={Nowak, Martin A and May, Robert M},
  journal={International Journal of bifurcation and chaos},
  volume={3},
  number={01},
  pages={35--78},
  year={1993},
  publisher={World Scientific}
}

@misc{lecturePPT,
  author = {Soumya, Paul  and   Ramanujam, R
},
  institution = {The Institute of Mathematical Sciences, Chennai},
  howpublished = {University Lecture},
  year = {2011},
  title = {Neighbourhood Structure in Games}
}

@inproceedings{paul2011neighbourhood,
  title={Neighbourhood structure in large games},
  author={Paul, Soumya and Ramanujam, Ramaswamy},
  booktitle={Proceedings of the 13th Conference on Theoretical Aspects of Rationality and Knowledge},
  pages={121--130},
  year={2011},
  organization={ACM}
}
